@online{ai-wikipedia,
  author={Wikipedia},
  title={Künstliche Intelligenz},
  url={https://de.wikipedia.org/wiki/K%C3%BCnstliche_Intelligenz},
  urldate={2023-04-20},
  year={2023}
}

@online{ai-wikipedia-2,
  author={Wikipedia},
  title={Künstliche Intelligenz},
  url={https://de.wikipedia.org/wiki/K%C3%BCnstliche_Intelligenz},
  urldate={2023-04-20},
  year={2023}
}

@book{example,
  title={The Title of the Book},
  author={The Author},
  url= {https://de.wikipedia.org/wiki/K%C3%BCnstliche_Intelligenz},
  publisher={The Publisher},
  year={2017},
}
@online{KI-Bedeutung,
  author={Eurpäisches Parlament},
  title={Was ist KI?},
  url={https://www.europarl.europa.eu/topics/de/article/20200827STO85804/was-ist-kunstliche-intelligenz-und-wie-wird-sie-genutzt#:~:text=K%C3%BCnstliche%20Intelligenz%20ist%20die%20F%C3%A4higkeit,ein%20bestimmtes%20Ziel%20zu%20erreichen.},
  urldate={2024-05-31},
  year={2024}
}


@online{Vorkommen-KI,
  author={datasolut},
  title={Wo kommt KI vor?},
  url={https://datasolut.com/anwendungsgebiete-von-kuenstlicher-intelligenz/},
  urldate={2024-05-31},
  year={2024}
}
@online{KI-Bedrohung,
  author={mdr Wissen},
  title={Kann KI eine Bedrohung sein?},
  url={https://www.mdr.de/wissen/kuenstliche-intelligenz-gefahren-102.html},
  urldate={2024-05-31},
  year={2024}
}
@online{KI-Training-Testen,
  author={clickworker},
  title={Wie wird KI trainiert und getestet?},
  url={https://www.clickworker.de/kunden-blog/kuenstliche-intelligenz-systeme-trainieren/},
  urldate={2024-05-31},
  year={2024}
}
@online{KI-Plaene-Zukunft,
  author={progressive experts in your field},
  title={Welche Pläne hat die KI für die Zukunft?},
  url={https://www.progressiverecruitment.com/de-de/blog/2018/11/kuenstliche-intelligenz-was-uns-bei-ki-zukuenftig-erwartet/},
  urldate={2024-05-31},
  year={2024}
}

